<record><leader>00000cas a22000007a 4500</leader><controlfield tag="001">17497404</controlfield><controlfield tag="008">880218d1964198ulauwr ne      0    0eng d</controlfield><datafield ind1=" " ind2=" " tag="010"><subfield code="a">sn 88064085 </subfield></datafield><datafield ind1=" " ind2=" " tag="040"><subfield code="a">LNP</subfield><subfield code="b">eng</subfield><subfield code="c">LNP</subfield><subfield code="d">NSD</subfield><subfield code="d">OCLCQ</subfield></datafield><datafield ind1=" " ind2=" " tag="042"><subfield code="a">msc</subfield></datafield><datafield ind1="0" ind2=" " tag="130"><subfield code="a">Sun-times (Lake Arthur, La.)</subfield></datafield><datafield ind1="1" ind2="4" tag="245"><subfield code="a">The Sun-times.</subfield></datafield><datafield ind1="3" ind2="0" tag="246"><subfield code="a">Lake Arthur sun times</subfield></datafield><datafield ind1=" " ind2=" " tag="260"><subfield code="a">Lake Arthur, La. :</subfield><subfield code="b">Don Kingery</subfield></datafield><datafield ind1=" " ind2=" " tag="300"><subfield code="a">v.</subfield></datafield><datafield ind1=" " ind2=" " tag="310"><subfield code="a">Weekly</subfield></datafield><datafield ind1="0" ind2=" " tag="362"><subfield code="a">Vol. 5, no. 6 (Feb. 6, 1964)-</subfield></datafield><datafield ind1=" " ind2=" " tag="500"><subfield code="a">Title varies: Lake Arthur sun times, &lt;Sept. 14, 1967&gt;-Oct. 12, 1967; Sun times, May 7, 1964-&lt;Aug. 31, 1967&gt;, Oct. 19, 1967-</subfield></datafield><datafield ind1=" " ind2=" " tag="752"><subfield code="a">United States</subfield><subfield code="b">Louisiana</subfield><subfield code="c">Jefferson Davis</subfield><subfield code="d">Lake Arthur.</subfield></datafield><datafield ind1="0" ind2="0" tag="780"><subfield code="t">Lake Arthur sun</subfield><subfield code="w">(DLC)sn 88064084</subfield></datafield><datafield ind1="0" ind2="0" tag="785"><subfield code="t">Lake Arthur sun times</subfield><subfield code="x">1050-6020</subfield><subfield code="w">(DLC)sn 89059251</subfield></datafield></record>